2788 4946
313 369 800 468 an'nvcottcas
973 399 1031 471 ηι
1133 353 1137 366 “

38 557 117 638 quale
134 578 234 620 earum
248 549 454 639 argumentum
468 555 548 617 soille
564 557 715 629 dicemus,
738 559 818 636 quod
836 577 853 619 a
868 555 1030 620 millenario

39 665 156 707 numero
168 646 326 725 quicquam
339 645 484 706 traheret?
505 642 690 722 Ellneporro
704 643 828 706 sermoni
837 647 896 706 ¹hoc
911 643 1030 706 consen·

40 749 168 806 tansum,
191 729 315 806 χιλιάδα
328 731 465 810 appellari
479 730 606 804 librum,
627 733 657 792 in
674 752 732 808 quo
747 733 862 792 oracula
876 751 1030 811 exponun-

39 833 151 896 tur·per
165 821 244 889 mille
260 838 350 879 annos
366 821 403 880 ad
419 829 557 878 euentum
572 817 728 896 perduslal
751 819 856 878 Saltem
872 819 1031 880 dicendum

41 921 113 975 erat,
135 911 281 964 clrillodem'
295 927 425 966 annorum
441 924 548 967 nomen
567 903 755 983 suppeditasse
768 907 862 976 libro,
881 917 918 968 vt
929 903 1032 980 χὼᾶσ

40 992 152 1051 inscribi
170 993 272 1070 posset.
315 993 525 1052 Difficultatem
544 995 638 1061 adeo,
660 991 787 1067 quaein
809 989 856 1069 his
874 1003 948 1064 erat,
971 1009 1032 1054 noa
1083 1043 1091 1054 .

40 1079 138 1138 lullulit
149 1079 199 1140 vir
212 1067 335 1150 dodim,
355 1078 405 1139 sed
419 1078 547 1156 reliquit.
590 1079 687 1140 Verba
702 1077 808 1138 Suidae
824 1077 899 1138 adeo'
909 1097 1038 1154 compe
1112 1127 1113 1132 1

40 1179 83 1236 ta,
121 1177 150 1224 et
164 1168 239 1226 male
255 1168 355 1226 luxata
370 1165 453 1236 sunt,
488 1177 522 1224 vt
537 1161 610 1224 nihil
623 1171 687 1224 tuto
702 1183 741 1224 ex
757 1165 793 1224 iia
809 1165 948 1246 colligas,
979 1161 1032 1226 nisa

39 1252 107 1311 lorte
118 1254 175 1311 hoc
186 1275 291 1323 vnum,
303 1249 440 1324 χιλιάδας
451 1249 601 1326 inscriptos
614 1251 669 1310 elle
679 1249 771 1311 libros
785 1253 926 1330 quinque,
938 1271 1029 1329 prop·

40 1351 112 1398 terea
129 1341 209 1416 quod
227 1338 305 1397 mille
320 1341 389 1399 trah
402 1351 500 1410 erant,
523 1340 552 1398 h.
561 1355 587 1398 e.
604 1338 683 1396 mille
698 1336 826 1398 versibus
843 1338 944 1418 singuli
959 1357 1029 1398 con·

41 1423 151 1484 lhhant.
196 1425 279 1486 Nihil
300 1427 373 1484 adeo
394 1425 451 1496 eil,
474 1427 553 1502 quod
573 1423 732 1501 impediat,
755 1423 834 1484 idem
856 1440 930 1504 opus
949 1421 1032 1486 faits·

41 1511 188 1576 Messeniae
213 1523 242 1571 et
259 1507 424 1582 Ἄτακτα,
455 1523 484 1571 et
505 1507 641 1584 χαλκίδας
663 1511 856 1586 appellatum:
886 1509 935 1572 sed
956 1511 1033 1572 libe!

42 1597 152 1674 quintus
171 1601 233 1680 erpi
247 1600 397 1678 χρησμῶ,
420 1599 456 1656 de
476 1587 619 1667 oraculis,
642 1601 754 1675 agebat.

79 1685 135 1742 Iam
153 1687 235 1761 quod
250 1687 287 1742 ad
303 1684 419 1744 Gallum
433 1683 544 1752 attinet,
567 1701 604 1742 ex
615 1685 680 1743 Ecl.
695 1685 732 1754 X,
749 1697 787 1755 50
803 1687 950 1742 Chalcidico
961 1691 1031 1760 putei

37 1777 97 1843 sune
116 1777 180 1827 miti
201 1777 308 1830 condita
330 1777 422 1845 versu,
446 1781 480 1830 vt
501 1769 648 1841 diximus,
669 1767 858 1850 intelligitur,
879 1791 946 1831 eum
967 1773 1030 1830 Eu·
1113 1827 1117 1836 ,

43 1857 209 1931 phorionem
230 1853 449 1917 Chalcidensem
468 1855 516 1916 seu
534 1857 621 1916 latine
639 1857 810 1926 reddidisse,
832 1855 881 1916 seu
899 1877 1030 1934 quocun·

44 1962 94 2020 que
108 1947 197 2003 modo
211 1944 272 2003 eius
288 1961 403 2002 carmen
416 1941 512 2004 saltem
523 1943 684 2003 imitatione
697 1943 870 2019 exprellill'e:
892 1943 972 2020 prius
987 1957 1030 2004 ta·

43 2047 103 2088 men
118 2029 190 2090 illud
207 2033 327 2090 tradunt
343 2029 541 2090 Grammatici.
614 2029 742 2089 uaeritur
758 2049 854 2100 nunc,
883 2033 1032 2108 quodnam

43 2115 235 2191 Euphorionis
250 2129 323 2192 optts
337 2118 393 2176 hoc
406 2115 503 2176 hierit.
535 2120 567 2176 ln
579 2139 602 2177 v
625 2158 634 2175 .
647 2115 691 2174 his
707 2121 746 2190 69
756 2113 817 2193 sqq.
833 2117 947 2180 Eetvt
960 2117 1030 2177 Gal·

43 2202 95 2272 lus,
115 2201 259 2264 lthrsarum
271 2202 354 2273 iussu,
375 2223 390 2262 a
403 2203 480 2262 Lino
496 2201 630 2262 traditam
642 2201 694 2262 sthi
705 2203 812 2280 accipit
823 2203 954 2274 fistulam,
973 2221 1040 2282 qua·

45 2295 136 2362 σφω·
151 2282 267 2348 rimaris
282 2295 410 2363 originem
427 2302 519 2349 canat.
562 2289 607 2349 De
624 2290 742 2348 oraculo
758 2291 816 2348 hoc
829 2289 972 2366 Apollinis
988 2287 1031 2350 sa·

46 2375 121 2433 bulae
138 2388 261 2450 potuere
275 2376 327 2435 effe
341 2377 455 2454 plures3
478 2373 559 2436 suere
574 2395 690 2452 quoque
702 2373 733 2434 in
745 2375 781 2434 iis
795 2377 885 2435 mttlta
897 2377 934 2436 de
947 2367 1031 2452 hlop-

45 2458 70 2518 so
83 2473 110 2519 ct
124 2462 282 2522 Calchante
301 2461 352 2531 (cl.
364 2465 434 2523 Not
447 2465 484 2522 ad
496 2451 618 2533 Eetlvt,
634 2470 711 2539 72),
731 2462 828 2538 potuit
841 2481 888 2522 eas
899 2461 1034 2540 perloqui

48 2545 140 2608 Gallus
157 2549 285 2608 carmine
299 2551 336 2608 ad
350 2546 548 2624 Euphorionis
564 2549 732 2626 exemplum
747 2548 917 2626 composito:
940 2547 1036 2630 potuit

48 2653 156 2710 quoque
170 2633 226 2706 elle
238 2635 436 2714 Euphorionis
449 2635 524 2696 liber
538 2638 575 2694 de
587 2635 637 2696 illo
651 2633 731 2705 sano,
756 2632 838 2696 ossius
852 2637 888 2694 ad
902 2647 956 2695 nos
972 2655 1034 2694 me·

47 2711 131 2780 moria
147 2723 227 2781 nulla
240 2722 389 2798 peruenit,
400 2743 403 2751 ’
413 2743 499 2798 quem
515 2723 613 2780 Gallus
630 2721 725 2782 latinia
740 2721 868 2782 versibus
884 2721 1033 2792 reddidite

47 2807 222 2868 verisimilius
236 2823 331 2868 tamen
343 2809 392 2878 est,
406 2807 484 2867 suiffc
498 2807 667 2884 particulam
677 2807 816 2871 chiliadis
830 2811 891 2890 ηιμ·
902 2809 1035 2891 wopis

48 2910 62 2950 a
73 2891 152 2954 Gallo
163 2895 253 2954 latine
265 2893 441 2955 conuersarn.
482 2897 560 2955 Inter
572 2895 625 2956 alia
638 2895 714 2955 enim
726 2897 843 2955 oracula
855 2895 940 2956 etiam
954 2895 1033 2971 Gry-

49 2978 91 3038 nei
106 2981 207 3041 debuit
222 2981 390 3041 memoratio
411 2981 484 3040 heri.
529 2979 671 3060 Suspicari
687 2999 804 3059 quoque
821 2981 923 3058 aliquis
940 2983 1034 3059 polilt,
1071 3001 1075 3008 ’

49 3065 130 3142 Mopsi
144 3079 252 3129 nomen
268 3069 357 3127 latere
372 3067 402 3126 in
415 3089 490 3128 voce
507 3080 644 3145 corrupta
657 3070 814 3138 Madnasa,
837 3081 865 3128 et
877 3067 955 3129 suiffe
967 3065 1034 3127 Ml-

48 3151 82 3216 ir
95 3159 164 3225 lun,
188 3166 239 3216 aut
254 3155 444 3221 hlodolreerr'
473 3150 552 3214 Inter
568 3155 639 3214 haec
657 3153 931 3225 rellatdillicultas,
955 3157 1035 3231 quod

50 3255 101 3295 non
115 3239 238 3320 intelligi
250 3241 355 3316 potell,
379 3240 518 3318 quidnam
533 3241 563 3299 in
576 3239 657 3300 fimtli
672 3259 759 3316 opera
773 3241 847 3300 Galli
861 3243 897 3301 ab
911 3241 1036 3310 Hesiodo

49 3339 206 3387 mutuatum
223 3327 276 3386 elle
290 3327 432 3403 potuerit:
460 3347 527 3385 narn
543 3333 666 3399 Hefiodea
677 3333 769 3397 fistula
785 3327 855 3388 haec
872 3345 974 3386 canere
990 3327 1034 3386 di·

50 3411 127 3472 titur.
193 3414 311 3477 Necelse
327 3415 425 3494 itaque
442 3413 498 3486 est,
520 3413 740 3490 Euphorionem
758 3411 852 3489 ipsum
867 3414 1036 3484 Hesiodum,

50 3495 95 3557 sub
119 3499 201 3560 cuius
224 3499 339 3560 nomine
362 3507 413 3568 sen
433 3497 559 3574 praeteri
580 3513 610 3562 et
624 3495 822 3576 Μελαμποδίας
838 3501 908 3562 olim
922 3500 1035 3562 sereba-

51 3591 111 3654 tur,
135 3585 296 3663 exprellrlse
316 3585 457 3648 creditum
476 3585 541 3645 else'.
665 3573 677 3602 ’
1038 3579 1043 3593 “

87 3671 266 3733 Fontaninus
278 3675 298 3734 l.
308 3695 334 3733 c.
348 3673 422 3733 miro
435 3673 567 3733 acumine
578 3671 661 3746 plura
673 3670 750 3730 Galli
761 3671 888 3732 carmina
900 3691 939 3733 ex
948 3671 1036 3733 vuss-

52 3757 100 3815 hut
115 3759 283 3840 Virgilianis
306 3757 473 3836 exsculpht=
503 3777 539 3818 ex
559 3781 590 3818 v.
611 3755 729 3832 quidem
743 3774 787 3835 70
811 3759 947 3838 colligere
961 3761 1038 3828 vult,

52 3861 118 3904 eum*
133 3847 254 3906 latinum
274 3846 367 3906 fecille
383 3844 538 3906 Hesiodum
557 3841 777 3918 Euphorionis,
808 3863 845 3903 ex
861 3867 893 3906 v.
914 3861 952 3923 73
972 3865 1039 3903 eum

53 3931 160 3990 vertille
175 3931 262 3994 latine
277 3933 459 4002 Chiliadem,
482 3945 543 3990 tum
559 3949 598 3990 ex
612 3951 646 3990 v.
662 3946 708 4006 74
726 3927 857 4006 scripliffe
875 3951 940 3990 eum
956 3929 1038 3989 sabu-

54 4013 104 4074 lam
119 4017 233 4094 Scyllae
246 4021 411 4097 vtriusque,
435 4038 558 4094 quarum
570 4020 689 4080 alteram
703 4013 840 4092 superesse
854 4018 883 4077 in
899 4018 961 4077 Ciri
972 4018 1038 4078 Vir·

55 4103 116 4180 gilio
131 4105 222 4168 tribui
238 4104 315 4168 solita
333 4104 503 4176 contendit,
526 4116 555 4162 et
568 4126 599 4164 v.
616 4119 661 4180 ’ῃ
676 4099 802 4162 fabulam
821 4105 913 4164 Terei
929 4116 958 4165 et
970 4101 1040 4163 Phi·

54 4189 177 4252 lomelae.
195 4191 206 4233 Γ
220 4195 301 4256 llaec
320 4205 416 4256 tamea
438 4195 477 4253 ad
492 4189 589 4257 ,Sileni
609 4208 725 4250 cumen
746 4187 892 4268 speflare,
920 4190 1039 4252 meliore

887 4289 1043 4358 ·tnterpre··
