2738 4928
275 329 354 436 u}-
591 294 1008 432 naturarro··
1068 375 1092 456 y
1145 359 1146 365 ¹

153 543 161 551 ’
275 569 357 624 non
373 543 501 618 tamin
515 540 671 644 singulis*
681 543 793 619 rebus
811 567 927 658 quam
941 545 982 618 in
992 543 1163 646 ’partium
1176 545 1280 619 inter

275 665 310 739 se
327 662 595 738 conuenientia
617 660 719 738 etad
739 685 944 748 commune
964 659 1162 740 confilium
1182 685 1281 738 con-

275 782 480 880 spiratione
504 779 693 878 ocrnitura
727 802 776 854 ex
798 777 949 877 fingulis
974 795 1124 856 tantum
1145 794 1182 856 et
1202 779 1280 852 mi-

186 889 187 897 ‘
277 899 380 973 nutis
412 895 536 971 modo
559 896 748 1000 sententiis
777 896 899 972 modo
930 896 1056 971 verbis
1085 896 1279 973 aestimare

278 1031 450 1118 poetam,
478 1027 515 1090 et
539 1011 644 1114 saepe
669 1013 710 1088 id
738 1013 835 1088 adeo
861 1013 910 1088 ad
940 997 1092 1090 alterius
1124 1030 1280 1088 tanturn

145 1190 150 1208 ,
278 1149 418 1210 nutum
436 1146 472 1207 et
485 1130 617 1204 nasum
633 1129 763 1216 facere,
786 1132 982 1216 discimus;
1004 1155 1083 1228 quo
1102 1131 1183 1231 ipso
1200 1155 1279 1206 vo·
1312 1165 1315 1178 ·

262 1251 405 1352 ·luptas
435 1249 560 1326 omnis
583 1273 630 1324 ex
659 1250 835 1324 carminis
864 1247 1064 1324 dulcedine
1093 1248 1280 1348 capienda

279 1369 536 1468 intercipitur,
575 1389 690 1466 quae,
718 1367 795 1440 iam
817 1390 884 1466 per
905 1365 1023 1469 ipsam
1039 1391 1086 1440 ex
1109 1365 1280 1441 retarda·
1358 1393 1359 1400 ¹

280 1490 386 1564 tione
407 1483 633 1570 molestiam,
662 1507 744 1559 non
760 1483 971 1558 admodum
983 1464 1174 1560 ‘imminui
1193 1507 1281 1559 non

279 1619 441 1707 poterat.
511 1599 586 1678 Sed
608 1602 678 1677 ne'c
703 1605 869 1678 minores
892 1601 1130 1676 difficultates
1153 1602 1281 1705 ipsum

279 1737 460 1824 premunt
482 1722 734 1820 interpretem.
778 1719 971 1817 ¹Namque
998 1735 1036 1794 et
1066 1721 1146 1794 eius
1174 1721 1282 1818 inge-
1337 1771 1341 1778 v

282 1843 391 1917 nium
418 1863 547 1914 rerum
567 1840 802 1912 minutarum
822 1835 972 1912 infinita
993 1839 1106 1936 copia
1128 1860 1171 1911 ac
1190 1835 1282 1913 sub-

282 1961 416 2036 tilitate
440 1955 622 2040 obtundi,
662 1955 896 2052 obscuraque
927 1979 1043 2055 opera
1072 1955 1281 2040 obscurari,

282 2095 339 2162 et,
376 2075 471 2150 dum
503 2076 545 2148 in
573 2074 739 2148 aiiorum
768 2073 873 2147 sensu
904 2071 1078 2148 acuendo
1110 2072 1280 2158 desudat,

282 2195 488 2295 proprium
508 2191 654 2266 sensum
676 2191 790 2266 obrui
811 2205 847 2266 et
868 2189 1035 2266 hebetari
1056 2189 1197 2266 necesse
1218 2189 1282 2266 est.

283 2315 432 2410 Itaque,
462 2309 738 2420 cumyndique
753 2309 854 2383 etad
872 2307 1013 2408 singula
1027 2307 1163 2393 verba,
1192 2309 1282 2406 qui·

281 2423 355 2507 bus
379 2427 507 2526 aliqua
529 2427 747 2511 difficultas,
764 2427 823 2518 ,ad
851 2427 1015 2500 aliorum
1040 2425 1195 2524 quidem
1218 2428 1281 2499 in·

284 2547 544 2646 telligentiam,
574 2544 831 2620 adhaerescere
846 2543 1088 2645 forteposfit,
1115 2545 1282 2620 circum·

284 2665 378 2742 feras
395 2680 432 2738 et
445 2663 617 2738 intendas
632 2664 823 2745 animum,
850 2664 972 2742 muita
995 2661 1189 2738 interdum
1210 2683 1283 2736 oe·

285 2797 444 2859 currunt
467 2781 593 2855 minus
623 2803 713 2856 cum
740 2783 785 2854 re‘
807 2781 1029 2864 coniuncta,
1058 2780 1282 2876 exciditque

283 2923 567 2996 nonnunquam
583 2899 642 2984 id,
671 2887 778 2996 quod
794 2897 842 2971 ad
858 2898 965 2971 illurn
983 2899 1116 2972 locum
1136 2897 1184 2972 ab
1205 2898 1283 2970 ini-

286 3005 341 3094 tio
356 3017 617 3114 quaerebatur.
675 3017 775 3090 Cum
790 3019 902 3090 etiam
920 3002 1040 3090 multa
1061 3015 1150 3100 sint,
1179 3037 1282 3112 quae
1306 3092 1309 3100 ,

282 3135 411 3214 sentiri
425 3135 580 3232 quidem
600 3131 876 3232 facilepoffint,
906 3133 967 3210 sed
989 3157 1085 3232 quae
1110 3155 1283 3232 expone·

284 3277 327 3330 re
340 3253 551 3327 admodum
566 3251 719 3328 difficile
736 3249 797 3335 fit,
823 3249 918 3326 dum
942 3254 983 3325 iu
1004 3253 1050 3325 iis
1073 3250 1282 3326 commode

283 3371 520 3470 explicandis
550 3385 587 3443 et
618 3369 843 3444 illustrandis
873 3367 1020 3444 defixus
1045 3371 1195 3442 animus
1218 3367 1282 3453 est,

282 3487 362 3562 fieri
387 3487 497 3571 solet,
523 3501 568 3560 vt
589 3486 718 3560 sensim
739 3485 946 3584 sensimque
963 3488 1012 3562 ad
1036 3487 1125 3560 asias
1147 3508 1282 3562 rerum

282 3608 459 3682 notiones
474 3623 510 3678 et
526 3604 705 3702 imagines
722 3605 914 3688 delabaris,
939 3619 974 3679 et
990 3605 1142 3679 tandem
1153 3605 1282 3703 expli-

282 3728 473 3800 cationem
488 3738 525 3797 et
541 3725 890 3820 interpretationem
907 3724 1120 3820 subiungas,
1149 3745 1279 3819 quarn,

282 3842 309 3916 fi
331 3843 373 3916 in
395 3843 472 3916 alio
493 3841 794 3941 deprehenderit,
824 3841 1025 3936 quomodo
1050 3841 1085 3914 ei
1108 3841 1148 3912 in
1170 3863 1305 3951 men-,¹

153 3953 157 3965 '
281 3974 357 4034 tem
380 3962 543 4042 venerit,
572 3961 714 4056 assequi
736 3961 804 4032 vix
830 3955 954 4056 possis.
1014 3959 1121 4058 Quae
1145 3958 1282 4033 omnia

280 4101 361 4151 non
390 4077 508 4149 modo
533 4074 696 4150 nostram
726 4077 788 4151 sed
822 4099 1068 4163 communem
1094 4077 1283 4174 iuterpre-

279 4209 363 4268 tum
386 4194 649 4270 conditionem
672 4195 783 4292 nimis
803 4193 940 4270 duram
958 4209 996 4270 et
1016 4196 1188 4293 iniquam
1205 4191 1282 4269 esse

1124 4310 1280 4400 docent,
