2738 4928
856 85 869 141 i

202 379 458 462 PRIORIS
494 379 838 464 EDIT-tortls
932 405 1016 461 xrrt

65 593 123 648 tura
134 573 183 658 ess,
208 572 366 674 indigne
381 571 529 660 ferrem,
550 574 699 670 quoties
719 572 766 648 de
781 575 937 670 antiqua
952 573 1021 646 alia
1074 643 1075 648 ,

64 715 115 790 qua
132 692 286 765 editione
309 709 501 790 ageretur,
529 689 761 766 haerendum
783 707 820 767 et
841 691 1021 766 dubitan-

65 812 130 882 dum
147 809 227 893 effe,
262 809 451 906 quorsum
476 809 541 880 iila
568 809 781 894 referenda,
818 833 916 908 quae
938 811 1019 884 eius

65 929 222 1001 autoritas
243 925 425 1002 habenda
443 923 545 1010 effer,
572 947 688 1026 opera
707 927 860 1002 tandem
883 927 953 1002 hac
967 927 1021 1001 se·

66 1046 115 1116 nel
126 1043 403 1143 defungendum
416 1043 486 1118 ess'e
495 1044 704 1152 arbitratus
719 1044 812 1131 sum,
829 1062 873 1120 vt
888 1046 927 1118 in
942 1043 1022 1120 edi-

65 1161 178 1236 tionum
203 1161 361 1238 ordines
385 1179 423 1236 et
455 1161 598 1247 claffes,
625 1161 751 1262 ssirpes
782 1185 826 1238 ac
849 1161 1021 1246 familias,

65 1279 159 1378 paullo
184 1283 399 1356 accuratius
428 1281 668 1376 inquirerem.
739 1279 829 1382 Qua
848 1282 888 1356 in
917 1305 957 1354 re
976 1293 1023 1353 vt
1051 1361 1057 1372 ,

65 1397 189 1492 quadam
207 1414 318 1473 tenus
334 1397 465 1472 saltem
483 1399 687 1496 procedere
707 1397 855 1482 liceret,
884 1399 1022 1474 editio«-
1067 1409 1072 1426 '

66 1539 129 1588 num
147 1532 226 1592 ante
248 1518 386 1590 omnia
408 1515 560 1592 annales
588 1515 744 1613 quidam
765 1532 872 1590 erant
900 1513 1022 1596 confi·
1102 1594 1103 1602 χ

66 1633 161 1706 ciendi
212 1635 268 1732 Ea
287 1634 424 1709 omnia
446 1629 643 1718 subiunxi,
678 1655 759 1708 non
783 1633 890 1732 quod
914 1627 959 1707 in'
977 1634 1023 1706 iis'

67 1773 108 1832 eo,
134 1773 205 1848 quo
230 1749 536 1835 contendebam,
570 1749 779 1850 perueniffe
800 1751 897 1825 mihi
916 1750 1024 1825 vide-

66 1867 124 1940 bar:
146 1871 342 1967 nonenim
359 1869 450 1942 haec
465 1869 512 1943 ab
526 1893 608 1945 vno
623 1870 779 1942 homine
787 1869 962 1970 praestari
979 1889 1025 1942 ac

66 1983 159 2080 perfici
177 1987 357 2086 potsunt3
382 2003 419 2060 et
440 1987 561 2062 multa
581 2003 712 2073 erunt,
742 2011 839 2085 quae
860 1987 910 2088 ad
933 1988 1026 2061 alre-

67 2125 124 2176 turn
147 2127 186 2180 ac
213 2103 410 2203 sequentes
441 2101 541 2179 forte
563 2105 718 2180 Tomos
748 2097 959 2180 accuratius
987 2119 1026 2178 et

42 2297 46 2306 ,
70 2221 258 2298 emendatius
290 2223 440 2298 tradere
462 2223 633 2307 licuerit;
666 2247 803 2298 verum
827 2228 1024 2322 quoniam,

70 2335 139 2411 ivel
158 2341 275 2416 lineae
291 2363 568 2424 earumrerum
584 2341 674 2416 duci
687 2339 853 2440 potient,
880 2343 972 2416 vtile
988 2355 1025 2414 et

67 2453 115 2529 hoc
123 2457 165 2531 ad
179 2460 314 2534 critica
333 2459 425 2534 haec
439 2475 475 2532 et
488 2458 667 2536 litteraria
688 2459 809 2534 studia
831 2459 903 2534 effe
925 2459 1025 2533 arbi-
1102 2523 1105 2528 ,

67 2573 164 2650 trahar.
218 2577 348 2678 Opem
363 2579 466 2650 enim
479 2574 644 2688 fructum
664 2576 747 2652 satis
771 2591 954 2677 magnum
978 2599 1026 2650 ex

66 2687 103 2764 iis
113 2693 230 2770 litteris
246 2694 429 2780 tuliisem,
457 2693 524 2768 nist
540 2695 629 2770 inde
652 2697 824 2770 animum
846 2697 899 2769 ita
920 2717 1026 2770 com·

65 2829 162 2902 parare
181 2828 216 2886 et
237 2813 432 2888 instituere
456 2812 684 2898 didicissem,
710 2829 756 2888 vt
771 2815 935 2888 aliorum
950 2815 1026 2888 vti·

65 2925 147 3002 litatis
159 2931 354 3028 potiorem
364 2933 552 3006 rationem
568 2925 782 3006 habendam
797 2929 869 3006 eise
883 2945 1026 3035 putem,

65 3063 151 3136 quam
168 3050 267 3122 ·vani
301 3051 462 3140 alieuius
489 3063 632 3134 metm,
680 3073 729 3122 ne
760 3049 1027 3134 existimationi

65 3181 141 3234 neae
161 3187 202 3240 ac
216 3167 332 3240 laudi
355 3169 564 3264 quicquam
585 3165 675 3242 inde
689 3166 904 3253 decederet,
933 3159 1032 3240 duni

65 3275 246 3356 inchoatam
264 3300 303 3358 et
319 3283 542 3384 descriptam
558 3291 708 3360 tantum
723 3309 880 3386 operam
901 3285 1029 3386 publi·

66 3414 94 3464 tt
117 3421 304 3498 propono,
354 3403 395 3476 in
429 3425 507 3501 qua
537 3405 747 3500 vnicuique
776 3401 884 3478 facile
916 3403 958 3476 fit
992 3415 1029 3476 et
1114 3401 1120 3410 '

65 3531 247 3604 promtum,
270 3519 410 3618 habere
422 3517 519 3594 forte
543 3537 579 3594 et
599 3533 829 3606 memorare,
858 3543 956 3619 quae
980 3519 1033 3594 ad

67 3651 128 3704 ram
156 3634 423 3733 perficiendam
459 3627 579 3712 faeere
613 3638 763 3738 poffint.
851 3639 1030 3713 Procliue

69 3749 142 3822 enim
161 3755 386 3852 micatque,
415 3755 477 3828 cui
499 3755 615 3830 editio
635 3757 733 3846 mihi
761 3781 843 3830 non
872 3757 952 3830 visa
981 3753 1031 3828 ad
1061 3829 1066 3838 ,
1162 3741 1163 3748 ¹

67 3885 171 3942 nanus
189 3871 248 3955 fit,
280 3887 351 3946 aut
366 3875 503 3948 erroris
518 3889 584 3946 aut
598 3873 807 3948 omiffionis
821 3898 882 3948 me
900 3895 1031 3970 argue-

67 4001 104 4052 1t-
148 3985 273 4065 Vitam
288 3992 406 4064 etiam
414 3989 566 4090 Virgilii
579 4017 665 4066 meo
682 3991 806 4067 fludio
822 3989 1033 4065 confectam

69 4091 226 4193 subiunxi,
253 4107 311 4183 de
321 4129 402 4206 qua
417 4107 570 4204 quidem
584 4107 652 4184 sub
669 4111 749 4184 eius
764 4111 918 4182 initium
933 4131 1032 4180 non-

70 4218 149 4295 nun
171 4227 323 4315 monui;
377 4248 454 4298 rem
490 4243 618 4302 autem
652 4225 885 4302 vtiliffimam
919 4241 1033 4322 atque

919 4359 1033 4418 tilam
