2738 4928
206 277 214 290 '
295 303 354 352 η.
650 271 729 350 DE
767 273 1016 352 VlRGlLll

332 466 428 540 cuins
448 461 516 536 fine
536 459 754 558 subscriptum
773 476 860 534 erut:
881 461 1019 537 Flauius
1031 460 1223 541 Gennadius
1238 465 1333 536 Fedx

338 583 527 680 Torquatus
552 581 597 654 V.
623 577 662 652 C
692 583 760 654 lic:
775 581 896 652 Ronioe
921 581 972 654 D.
1001 583 1046 654 N.
1075 577 1261 678 Constumio
1286 582 1333 652 P.

332 700 374 774 F.
396 697 441 779 ,0.
470 697 513 770 Ρ.
539 697 583 769 Ρ.
612 695 773 788 (Patrono
790 694 1000 772 Faciendum
1027 696 1170 799 Curnuit
1194 694 1335 792 Propria

323 815 519 908 Pecunia),
545 815 675 910 quibus,
696 817 810 887 litteris
836 803 997 914 fugiitque
1023 819 1181 911 quamuis
1206 817 1332 912 ignotis

326 935 398 1006 -hoc
418 951 532 1005 tamen
552 927 697 1004 conflare
715 935 878 1026 putabat,
910 934 975 1004 elle
990 936 1146 1005 codicem
1163 957 1334 1004 veneran-

324 1051 397 1124 dae
419 1047 637 1144 antiquitatis.
698 1049 769 1122 Nili
794 1073 876 1121 vero
900 1045 965 1121 ulia
991 1053 1160 1145 opinionis
1181 1049 1260 1122 suae
1276 1049 1333 1120 fu-

333 1187 505 1242 mumenta
520 1167 660 1251 habuit,
692 1167 756 1239 hoc
775 1167 918 1264 quidem
932 1169 1074 1240 unicum
1090 1163 1189 1238 fallax
1208 1189 1241 1238 et
1257 1169 1333 1236 ina·

287 1270 290 1280 ⁵
331 1309 377 1357 ne
400 1286 510 1359 videri
535 1279 661 1380 potest,
693 1287 856 1380 quoniam
877 1287 913 1356 in
941 1286 1058 1356 codice
1076 1285 1261 1356 admodum
1278 1307 1334 1356 re·

333 1403 424 1476 cenrl
443 1401 668 1496 antiquiorum
692 1401 850 1488 libromm
867 1399 1057 1497 subscriptio
1076 1403 1183 1496 repeti
1205 1403 1335 1496 potuit,

330 1537 371 1592 vt
389 1517 485 1615 supra
503 1519 571 1588 iam
588 1517 654 1588 alio
664 1517 753 1592 ,loco
782 1519 1052 1592 animaduersum
1080 1517 1136 1590 est.
1196 1517 1335 1589 Emen-

332 1637 485 1709 dationes
507 1653 548 1706 ex
566 1635 632 1706 hoc
649 1635 767 1708 codice
784 1637 819 1708 in
838 1635 1007 1736 Eclogam
1022 1637 1059 1713 X
1073 1625 1243 1746 proposuit
1260 1635 1336 1708 Ad·

323 1747 452 1828 'versun
470 1749 596 1836 xvffl,
616 1755 668 1824 16.
699 1751 795 1838 ΧΗ,
818 1757 877 1826 26.

321 2123 331 2134 ·
387 2103 686 2206 'Memorauimus
726 2105 836 2178 adhuc
876 2107 1011 2180 codices
1042 2103 1145 2180 Mllns
1180 2101 1340 2202 primunt

332 2223 527 2319 principes,
559 2235 632 2293 t'utn
660 2223 804 2318 qdorum
829 2243 963 2302 veteres
992 2227 1094 2298 critici
1118 2227 1340 2296 mentionem

324 2339 469 2412 ’faciunn
518 2335 770 2436 Subiungemus
786 2342 981 2428 nonnullos,
1000 2343 1042 2414 ad
1060 2364 1203 2440 quorum
1221 2333 1339 2414 fidem

262 2495 264 2500 ·
324 2449 484 2531 ‘nudiores
503 2455 674 2527 editionum
689 2460 870 2528 criticorum
901 2478 935 2532 et
948 2457 1144 2553 ,clofflcorum
1163 2459 1337 2530 recenfio·

331 2591 412 2646 nem
437 2572 529 2644 suum
552 2569 718 2646 inflituiffe
743 2571 901 2646 seruntur.
962 2569 1011 2648 Et
1032 2571 1158 2672 primas
1184 2575 1340 2671 quidem

331 2693 497 2764 editiones
524 2705 567 2761 ex
590 2689 764 2762 codicibus
791 2691 916 2764 duxille
935 2695 985 2766 vti
1003 2713 1092 2766 cena
1107 2719 1161 2766 res
1180 2690 1249 2776 est,
1284 2697 1340 2766 ita

333 2809 518 2880 dolendum
537 2803 583 2878 etl
598 2831 667 2878 non
683 2831 795 2904 aeque
811 2809 954 2906 liquere,
987 2835 1006 2882 e
1025 2813 1151 2908 quibus
1169 2805 1272 2882 codd.
1295 2811 1337 2884 il·

328 2918 383 2997 icto
401 2921 522 2996 dudae
539 2917 669 2994 fuerint.
738 2923 930 3020 Principem
955 2929 1097 3026 quidem
1118 2922 1339 3030 Ruspinam,

330 3039 402 3138 post
419 3042 515 3126 alios,
547 3063 610 3112 nec
629 3055 743 3112 tamen
760 3043 861 3115 valde
881 3021 1168 3134 bonosj'codices
1186 3065 1338 3142 compa·

322 3169 440 3244 τεῖος,
473 3178 516 3229 ex
534 3159 705 3251 Ponmonii
718 3151 926 3253 Iofforluuoti
941 3163 991 3254 (ir.
1009 3187 1040 3234 e.
1057 3140 1131 3234 lulii
1148 3155 1341 3260 Pomponii

329 3273 669 3368 montanorum
688 3277 917 3365 emendatam,
950 3299 1021 3350 tum
1045 3305 1065 3352 a
1090 3276 1187 3352 nobis
1206 3306 1340 3353 mone·

320 3397 430 3478 bitur,
449 3409 529 3462 cunt
544 3411 700 3463 veterum
718 3395 905 3468 editionum
923 3397 1062 3490 annales
1081 3395 1314 3471 conficiemus
1329 3426 1342 3487 ς

322 3533 398 3606 ‘quo
415 3511 517 3580 etiam
537 3527 577 3578 ea
595 3509 793 3596 differimus,
825 3535 913 3607 quae
932 3513 974 3584 de
990 3515 1229 3586 nonnullarum
1247 3517 1342 3588 alia*

328 3649 401 3699 rum
419 3617 503 3697 inec.
521 3627 595 3696 XV
612 3627 799 3700 editionum
816 3627 964 3701 sontibus
982 3631 1201 3705 memoranda
1220 3633 1342 3708 habe-

327 3749 416 3816 mus'.
477 3737 641 3814 Praeclnri
656 3729 748 3817 suere
766 3747 922 3832 codices,
955 3749 998 3820 td
1025 3775 1112 3846 quos
1134 3751 1346 3846 Naugerius

327 3863 383 3948 ed,
399 3859 475 3932 Ald.
495 3877 567 3931 tort.
585 3881 660 3952 ¹5¹4
680 3865 887 3934 emendauit.
947 3865 1022 3938 Nec
1041 3866 1153 3940 minus
1173 3872 1344 3961 pmecla-

326 3977 522 4050 rl'l’ieciani
545 4001 629 4068 ¹5²¹·
698 3975 832 4052 Putdlnr
857 3982 1031 4057 Manutius
1058 3989 1235 4060 lllldic'econ
1271 4011 1345 4060 ex·

1107 4149 1111 4156 -
1195 4105 1343 4197 prestio,
