2738 4928
333 319 416 392 rvr
514 249 519 259 Χ
638 309 1018 387 rannrrrro

332 499 375 576 di
395 511 531 584 artem,
555 495 862 596 phantasmatum
890 497 1134 601 poeticorum
1157 480 1194 572 et
1216 499 1352 572 rario-

334 641 425 692 nem
446 610 764 700 etauctoritatem
786 605 1036 706 errcuterfim.¹
1071 599 1203 714 ltaque
1227 615 1354 690 nulla

268 767 272 776 ·
334 733 445 811 facile
458 733 596 834 pagina
611 733 746 820 mansit
760 715 916 816 intaeta,
945 734 1189 833 quinqmanus
1206 759 1355 808 emen-

335 851 462 954 datrix
476 851 685 935 accederet,
709 851 783 926 alia
798 849 1004 930 recidendo
1022 851 1105 932 ‘alia
1121 851 1351 952 supplendo

333 971 399 1046 seu
429 967 696 1044 substituendo.
756 967 858 1044 Cum
889 969 1077 1042 summam
1107 967 1355 1044 breuitatem

334 1091 376 1164 in
391 1087 701 1186 interpretatione
716 1086 944 1186 sequendam
959 1085 1031 1161 elle
1046 1087 1235 1162 viderem:
1259 1089 1356 1161 ela-

334 1207 485 1280 ritatem
517 1213 644 1278 tam'en
678 1219 716 1278 et
738 1204 1039 1306 perspicuitatem
1062 1227 1149 1278 cum
1172 1229 1216 1280 ea
1239 1227 1355 1278 con·

333 1325 504 1399 iunctam
518 1321 589 1396 elle
603 1323 724 1396 volui.
747 1315 749 1322 ’
769 1323 887 1424 Quod
904 1324 930 1396 fi
947 1323 995 1432 ad
1013 1322 1193 1407 Cerdam,
1216 1309 1357 1398 Hein'-

335 1442 451 1526 fium,
479 1441 749 1514 Burrnannum
775 1455 811 1515 et
834 1441 929 1514 alios
953 1443 1126 1526 remitt0‚
1158 1441 1234 1516 hoc
1252 1465 1357 1516 non

335 1581 408 1662 pro
430 1559 559 1634 inutili
581 1559 697 1632 citato
720 1558 957 1642 habendum,
992 1579 1130 1634 verum
1150 1581 1358 1658 quaereu-

273 1667 295 1684 ”
337 1673 426 1752 darn
447 1677 502 1752 ibi
514 1669 593 1752 'effe
614 1678 880 1776 exemplorum
907 1677 1059 1777 copiam
1088 1675 1150 1750 sen
1174 1675 1358 1751 vlterio-

336 1810 418 1870 rem
441 1795 735 1870 declarationem
750 1796 848 1878 eius,
878 1795 985 1893 quod
1008 1785 1223 1868 summatim
1251 1809 1357 1868 tan-

336 1929 422 1988 tum
452 1911 629 2011 apposui;
657 1935 728 1987 nec
756 1915 859 1986 enirn
879 1914 932 1986 ita
962 1911 1133 2011 ablegaui
1155 1909 1203 1986 ad
1225 1913 1357 1998 alios.

336 2032 432 2130 quin
452 2030 527 2130 ipse
545 2054 625 2104 rern
649 2044 687 2142 ep
706 2029 892 2104 summam
911 2029 1185 2107 obseruationis
1210 2054 1358 2129 appo-

336 2171 483 2224 nerem:
516 2147 614 2222 nihil
626 2149 727 2222 enim
742 2146 814 2222 ell'e
830 2147 948 2246 potell
964 2147 1172 2233 molestius,
1203 2171 1358 2244 quam,

336 2265 407 2342 vbi
421 2267 462 2340 in
475 2267 577 2342 notis
592 2266 770 2341 virorum
784 2265 988 2340 doctorum
1004 2265 1052 2340 ad
1068 2265 1237 2364 aliquam
1259 2265 1359 2341 dif-

235 2401 238 2408 '
336 2381 546 2460 ficultatem
580 2380 776 2467 offendas.'
809 2377 846 2456 fi'
864 2383 961 2456 nihil
984 2383 1090 2458 aliud
1112 2382 1243 2458 videas
1268 2383 1359 2459 ad·

335 2501 537 2606 scripturn,
565 2523 682 2600 quarn
697 2499 909 2576 videndum
924 2500 995 2594 effe
1012 2501 1115 2576 hunc
1136 2501 1198 2575 vel
1219 2501 1361 2577 illum

281 2618 284 2626 ’
334 2621 466 2696 virum
482 2620 648 2696 dotium.
682 2617 816 2716 Atqui,
832 2618 965 2694 stallos
980 2619 1173 2694 consulere
1187 2619 1364 2694 uoluis-

334 2736 431 2824 lem,
462 2759 545 2812 non
558 2731 796 2836 inspexiffem
810 2751 864 2822 te,
891 2735 1051 2813 ebone!
1108 2737 1230 2835 Igitur
1255 2737 1361 2838 ipsa

334 2877 392 2929 res
414 2855 544 2930 saltem
571 2853 621 2928 est
648 2855 897 2956 apponendae
939 2853 1096 2930 vberior
1125 2853 1363 2940 declaratio

334 2972 551 3070 quaerenda
566 2971 670 3072 apud
691 2973 894 3048 autlorem.
951 2969 1007 3048 At
1028 2971 1094 3046 illa
1115 2973 1249 3070 iniqua
1273 2975 1363 3052 lex

334 3089 402 3175 est,
430 3089 499 3165 vbi
514 3089 638 3164 editor
653 3113 836 3190 magnum
853 3089 1013 3164 aliarum
1030 3089 1245 3180 editionum
1261 3115 1363 3166 nu.

332 3225 484 3284 merum
511 3209 554 3282 in
576 3207 713 3282 struem
739 3210 930 3308 ingentem
950 3211 1049 3284 cirea
1070 3207 1105 3282 se
1129 3231 1362 3286 coacerua-

334 3341 419 3400 tnrn
434 3305 566 3412 halet,
595 3339 633 3400 et
647 3343 844 3426 tamquam
861 3329 903 3400 in
923 3349 1069 3427 organo
1082 3328 1362 3426 pneumatice

331 3443 454 3519 modo
475 3443 574 3520 hanc
595 3444 717 3518 modo
742 3445 847 3518 illam
866 3443 1149 3529 tibiam-inflat,
1178 3443 1205 3518 ss
1229 3445 1362 3526 idem

332 3580 437 3636 nune
456 3577 549 3648 ate,
579 3563 647 3658 qui
666 3561 814 3660 legendi
827 3561 952 3638 caulla
966 3562 1109 3635 librum
1130 3561 1170 3635 in
1194 3563 1362 3640 manus*

203 3751 206 3762 ,
330 3679 464 3765 sunus,
499 3678 729 3778 postulatur,
756 3697 821 3766 vt,
851 3681 1000 3778 quoties
1023 3679 1246 3754 difficultate
1269 3683 1361 3756 alin

332 3819 409 3896 qua
432 3795 635 3898 obseptum
656 3811 692 3872 te
716 3797 864 3885 videas,
888 3797 1124 3899 totumillud
1143 3801 1361 3896 organum*

331 3933 451 3989 manu
465 3917 616 4000 tracter,
642 3931 681 3990 et
696 3933 1087 4015 omnemapparatum
1101 3929 1138 3988 et
1159 3915 1236 4014 ipse
1263 3917 1361 3992 eir-l

329 4054 375 4108 ca
396 4046 434 4108 te
452 4032 622 4110 instruas.
686 4031 752 4108 An
776 4032 993 4134 plantarum
1012 4033 1250 4132 aliarmnque
1281 4059 1360 4112 re«

371 4178 375 4186 ·
1242 4174 1360 4256 rrum

1308 4255 1360 4305 θ’,

1247 4316 1320 4422 ‚aff
1359 4355 1360 4364 ’
