2754 4950
79 369 82 382 ι
159 395 161 402 ,
251 317 853 420 uu-onurcunctn-rv
986 343 1044 423 su

45 514 149 588 Vnde
165 535 256 586 noua
271 513 432 611 ingressus
442 513 628 586 ‚hominum
646 513 853 607 experientia
869 509 985 606 cepit?
1067 523 1130 611 316

45 629 161 704 Pallor
174 629 339 704 Aristaeus
354 629 488 729 fugiens
504 631 629 702 Peneia
643 629 792 724 Tempe,
806 711 812 723 ¹

47 749 202 834 aminis,
232 747 396 834 ursana,
428 749 549 842 apibus
566 749 755 842 morboque
772 745 947 842 fameque,

37 865 162 940 'Tristis
178 866 223 938 ad
241 868 382 938 extremi
392 865 524 938 ‘sacrum
543 881 652 960 caput·
661 861 782 936 adstitit
797 868 921 950 ansuis,

936 977 1047 1056 Multa

46 1089 199 1160 consensus,
219 1099 245 1140 et
258 1091 426 1158 grammatice
441 1087 505 1138 ratio
526 1087 656 1153 defendit,
674 1090 745 1156 quod
760 1087 794 1140 est
810 1087 977 1154 exquisitim
998 1085 1047 1140 hat·

45 1160 93 1210 bet
114 1161 189 1210 etiam
209 1159 355 1210 adiunttem
374 1159 488 1225 aliquam
505 1159 637 1209 notionem
655 1157 814 1210 assiduitatis.
847 1155 922 1207 Dicat
940 1155 1046 1221 aliquis,
1069 1189 1071 1196 ,
1116 1189 1126 1202 t

44 1228 116 1279 hanc
129 1230 157 1278 in
171 1229 249 1280 deum
264 1246 315 1278 non
330 1230 436 1288 cedere;
454 1244 546 1276 verum
561 1246 613 1278 nun
625 1231 661 1278 ita
673 1241 821 1294 argutantur
833 1238 932 1290 poetae.
973 1241 1046 1276 excu-

45 1303 86 1346 dit
101 1297 189 1348 vitiose
202 1299 286 1360 nostri,
302 1299 352 1348 duo
367 1299 454 1347 sturm.
468 1307 492 1345 et
505 1296 593 1359 plures
608 1297 721 1348 Martini.
739 1297 794 1346 uid.
808 1296 840 1344 atl
854 1297 948 1360 Georg.
959 1295 979 1352 1,
994 1307 1045 1356 133.

45 1373 91 1426 qut
105 1371 173 1418 nobis
185 1367 260 1418 codd.
274 1369 343 1434 apud
355 1366 478 1416 Pieriunr.
514 1372 580 1416 uubis
592 1367 646 1416 urs.
658 1382 674 1415 a
687 1383 724 1416 m.
735 1383 774 1430 pr.
861 1363 903 1426 3t6
915 1364 1047 1424 iegrrffum

44 1434 218 1487 Mentulsec.
269 1437 527 1496 ingreffumhumimm
539 1436 662 1486 Ed.Ven.
708 1440 781 1497 coepit
795 1433 854 1485 edd.
867 1435 962 1483 multae
976 1431 1047 1498 apud

43 1507 149 1558 Burm·
206 1515 250 1570 ³¹7
264 1510 388 1568 Aristaeus
399 1505 499 1568 semper
511 1503 590 1556 Goth.
604 1503 653 1556 sec.
680 1525 693 1550 a
723 1518 766 1570 ³¹9
780 1515 915 1552 extraneum
927 1502 986 1550 libri
998 1502 1048 1552 ali·

102 1583 166 1644 quet
179 1575 247 1638 apud
259 1575 384 1628 Pierium.
424 1585 559 1622 extremum
565 1578 634 1638 saert
644 1572 735 1640 tergm.
747 1575 838 1626 Mutet.
871 1576 995 1635 placidum

460 1643 638 1704 capuentedic.

92 1747 155 1817 316·
170 1749 244 1803 Vnde
253 1763 321 1803 nsua
332 1749 463 1802 hominnm
473 1769 521 1802 rx·

38 1837 183 1909 paersentia
194 1837 262 1904 cepit
272 1838 407 1904 iugreffirs,
420 1831 520 1890 habuit

47 1917 190 1984 exordia3
208 1921 286 1977 vnde
301 1919 447 1991 proeeffite
464 1938 521 1994 qna

46 2023 83 2064 re
106 2002 237 2062 homines
259 2002 378 2062 addusli
393 2007 430 2063 ad
447 2005 520 2062 banc

46 2103 145 2150 artem
164 2092 199 2148 ab
221 2089 400 2165 experientia
417 2089 519 2166 suppe-

46 2177 174 2236 ditatam
189 2177 327 2254 progreslt
341 2175 414 2238 sunt.
456 2179 521 2235 To·

46 2275 117 2323 tum
137 2263 215 2322 bunc
238 2265 335 2322 locum
358 2262 521 2322 asecundis

46 2363 158 2428 poetae
179 2349 255 2408 curis
275 2348 435 2428 profestum
456 2349 523 2420 elle,

45 2439 174 2495 tradunt
187 2435 383 2496 Grammatici.
402 2435 522 2497 vid.Vi-

45 2521 237 2600 samvngnt
253 2513 336 2602 tn·
385 2519 523 2586 nen-n.

44 2621 119 2669 taen
145 2607 208 2668 vid.
226 2611 315 2690 modo
338 2610 376 2668 ad
402 2631 433 2668 v.
458 2621 523 2680 283.

47 2697 149 2782 Quod
176 2695 328 2755 inuentum
355 2696 525 2754 reficienda-

45 2803 124 2842 rum
137 2801 223 2856 apum
242 2784 280 2840 ad
300 2801 368 2840 eum
388 2781 524 2852 retertur,

46 2865 218 2948 ignoratur,
241 2889 299 2946 quo
314 2871 449 2944 exemplo
463 2871 524 2928 bla-

45 2977 87 3016 re
100 2955 218 3022 fecerim
232 2954 383 3032 ignoratur
396 2975 525 3032 quoque,

47 3062 118 3120 quo
139 3037 255 3099 au'tlore
269 3041 396 3102 Aristaeo
416 3043 526 3102 crimen

46 3140 181 3189 tentatae
191 3127 356 3204 Eurydices
369 3126 526 3204 impedium

44 3210 98 3276 sit.
171 3213 348 3273 Manifestum
370 3227 465 3274 tamen
489 3217 527 3274 ad

45 3295 165 3362 sensum
187 3299 313 3358 nostrum
335 3301 386 3372 fit,
417 3303 464 3362 vel
486 3322 526 3360 ex

43 3381 168 3450 summo
189 3399 432 3458 mensurnam,
465 3387 526 3446 nta-

43 3491 161 3535 ronent
191 3464 238 3534 bic
264 3472 374 3544 aliurn,
402 3493 526 3550 eumque

43 3559 206 3620 Graecum
221 3572 357 3634 poetam,
380 3560 526 3635 expressis·

45 3649 94 3708 se.
177 3643 268 3704 Fuisse
296 3659 379 3706 vetus
410 3665 527 3724 poema,

44 3731 216 3812 Baculus!
241 3729 292 3795 sub
314 3734 430 3792 Eumell
454 3733 527 3792 antl-

44 3819 183 3900 quisituri
203 3831 306 3894 poetae
326 3811 461 3890 nomine,
490 3839 530 3878 ex

44 3903 222 3968 Eusebium
242 3905 389 3965 Chronico
408 3905 529 3967 nuntiate

47 4013 141 4054 num.
157 4009 266 4062 recen,
300 4005 330 4052 et
354 3993 397 4054 ibi
424 3993 530 4070 Scalig.

44 4101 127 4140 curn
155 4077 270 4138 anlars.
299 4091 329 4138 et
355 4079 469 4138 Salmas.
493 4083 530 4138 ad

47 4165 150 4228 Sulin.
172 4186 202 4242 p.
222 4173 295 4228 602.
314 4171 385 4238 603.
435 4167 482 4224 An
504 4166 528 4224 it

578 1745 637 1822 ipse
656 1754 751 1804 antem
768 1747 805 1804 ad
822 1743 980 1804 Aristaeum
1000 1761 1046 1802 ar·

578 1843 637 1892 tem
650 1829 791 1902 retulerit,
815 1835 924 1908 quoda
940 1831 1049 1890 Salma-

578 1917 617 1978 sto
630 1917 766 1978 affirmari
778 1918 877 1988 video,
889 1919 965 1978 nulla
978 1937 1047 1976 auc-

579 2005 691 2066 toritate
711 2003 827 2064 constat.
858 2005 937 2080 Sapit
956 2014 1050 2064 totum

580 2103 776 2150 commentum
798 2105 898 2166 poetae
918 2091 1048 2150 Alexan·

581 2177 658 2237 drini
679 2177 854 2256 ingeniosam
870 2177 1048 2248 suauitatem.

580 2267 719 2324 Fabulam
746 2263 834 2338 ipsam
869 2273 901 2322 de
935 2271 1049 2336 bugmaia

581 2361 734 2426 exponunt
756 2351 848 2412 Ouid.
862 2351 934 2410 Fasl.
947 2353 971 2420 1,
986 2353 1048 2420 361,
1099 2397 1105 2424 ,

580 2439 650 2497 lllet.
666 2440 731 2506 XV,
745 2435 851 2512 361sq.
874 2437 975 2515 Antig.
992 2432 1050 2496 Cb·

580 2524 652 2602 eyn·
664 2524 767 2583 ltlirab.
785 2544 810 2582 c.
826 2539 871 2592 23.

646 2627 708 2686 317.
727 2609 871 2670 Aristaeus
893 2627 931 2668 ex
952 2617 1050 2666 mente

582 2709 685 2774 poetae
701 2708 763 2758 turn
786 2696 817 2756 in
834 2695 980 2756 Thellalia
996 2697 1048 2754 de-

583 2785 685 2862 gebat,
708 2785 834 2844 necdum
855 2783 945 2843 Ceam
970 2780 1050 2840 adie-

558 2885 562 2896 '
581 2882 634 2930 rat.
650 2877 759 2943 fugiens
772 2869 1050 2946 simplrelinquens,

584 2965 683 3031 smne,
699 2956 846 3016 discedens
865 2957 934 3015 inde
953 2957 990 3014 ad
1004 2976 1050 3026 cpt-

577 3060 630 3117 pae
643 3051 740 3112 amnis,
760 3043 861 3112 Penei,
879 3043 1000 3110 fontem,
1018 3061 1050 3098 v.

583 3133 660 3190 Exc.
674 3132 710 3188 ad
726 3131 754 3188 b.
769 3131 789 3192 l.
848 3129 895 3190 Sic
910 3128 975 3188 sons
993 3127 1023 3184 T
1027 3127 1050 3183 i-

584 3215 663 3276 matti
680 3249 724 3262 —
744 3235 850 3276 nouem
873 3235 924 3274 ora
938 3216 1012 3274 Aen.
1029 3215 1052 3286 l,

586 3317 659 3376 ης.
682 3277 758 3375 2⁸46.
807 3301 992 3380 ignoratione
1008 3312 1054 3358 to·

585 3389 642 3450 tius
690 3377 891 3463 phantasmatis
935 3387 1055 3464 poetici,

585 3475 667 3548 obm,
678 3476 877 3534 Burmannum
889 3487 996 3534 temere
1011 3473 1053 3532 se-

586 3573 706 3638 quutus,
716 3561 820 3620 ollium
831 3562 920 3621 Penei
932 3560 1056 3639 intelligi

585 3651 730 3710 volebam.
774 3652 860 3712 Vetat
882 3663 978 3708 tanen
997 3649 1054 3706 hoc

587 3753 687 3794 rerum
699 3733 806 3810 species
821 3751 850 3796 et
862 3739 995 3796 locorum
1008 3756 1060 3806 πει,

587 3813 640 3892 tio,
658 3843 745 3898 quum
758 3839 858 3896 poetae
874 3825 970 3884 animo
983 3821 1057 3880 inse·

585 3907 656 3968 disse
677 3907 854 3968 manitessum
873 3912 926 3976 elle
950 3909 1057 3968 etiamst

586 3995 764 4064 concessero,
778 4015 870 4072 capue,
886 3998 929 4058 vti
945 4021 983 4063 os,
994 4020 1057 4062 ura,
1127 3993 1134 4010 '

588 4085 624 4142 de
646 4081 797 4142 fluminum
819 4085 891 4142 oslin
911 4084 973 4142 dici
993 4081 1056 4160 pul·

587 4167 626 4238 se,
637 4172 716 4246 quod
732 4173 856 4236 docuisse
868 4171 919 4232 sibi
931 4171 1009 4234 visus
1021 4173 1061 4232 ett

958 4263 1058 4320 sturm.
