<?xml version="1.0" encoding="UTF-8"?>
<!DOCTYPE html PUBLIC "-//W3C//DTD XHTML 1.0 Transitional//EN"
    "http://www.w3.org/TR/xhtml1/DTD/xhtml1-transitional.dtd">
<html xmlns="http://www.w3.org/1999/xhtml" xml:lang="en" lang="en">
 <head>
  <title>
</title>
<meta http-equiv="Content-Type" content="text/html;charset=utf-8" />
  <meta name='ocr-system' content='tesseract 3.04.00' />
  <meta name='ocr-capabilities' content='ocr_page ocr_carea ocr_par ocr_line ocrx_word'/>
</head>
<body>
  <div class='ocr_page' id='page_1' title='image "./pvirgiliimaroni20virggoog_0039.png"; bbox 0 0 2738 4928; ppageno 0'>
   <div class='ocr_carea' id='block_1_1' title="bbox 340 337 1137 428">
    <p class='ocr_par' dir='ltr' id='par_1_1' title="bbox 340 335 1137 428">
     <span class='ocr_line' id='line_1_1' title="bbox 340 337 1137 428; baseline -0.006 -2"><span class='ocrx_word' id='word_1_1' title='bbox 340 365 490 426; x_wconf 82' lang='lat' dir='ltr'><strong>&#39;xxvrrr</strong></span> <span class='ocrx_word' id='word_1_2' title='bbox 623 337 1035 428; x_wconf 63' lang='lat' dir='ltr'><strong>tRAleATIO·</strong></span> <span class='ocrx_word' id='word_1_3' title='bbox 1129 353 1137 405; x_wconf 85' lang='lat'><strong>&#39;-</strong></span> 
     </span>
    </p>
   </div>
   <div class='ocr_carea' id='block_1_2' title="bbox 336 529 1345 866">
    <p class='ocr_par' dir='ltr' id='par_1_2' title="bbox 336 529 1345 866">
     <span class='ocr_line' id='line_1_2' title="bbox 337 529 1345 634; baseline -0.007 -22"><span class='ocrx_word' id='word_1_4' title='bbox 337 537 571 612; x_wconf 81' lang='lat' dir='ltr'><strong>adulterinos</strong></span> <span class='ocrx_word' id='word_1_5' title='bbox 588 545 628 612; x_wconf 90' lang='lat' dir='ltr'><strong>et</strong></span> <span class='ocrx_word' id='word_1_6' title='bbox 643 533 910 634; x_wconf 80' lang='lat' dir='ltr'><strong>supposititios,</strong></span> <span class='ocrx_word' id='word_1_7' title='bbox 920 535 1075 634; x_wconf 77' lang='lat' dir='ltr'><strong>spectat:</strong></span> <span class='ocrx_word' id='word_1_8' title='bbox 1091 529 1345 632; x_wconf 84' lang='lat' dir='ltr'><strong>quandoqui-</strong></span> 
     </span>
     <span class='ocr_line' id='line_1_3' title="bbox 340 649 1342 751; baseline -0.008 -21"><span class='ocrx_word' id='word_1_9' title='bbox 340 655 427 730; x_wconf 88' lang='lat' dir='ltr'><strong>dem</strong></span> <span class='ocrx_word' id='word_1_10' title='bbox 442 655 553 727; x_wconf 87' lang='lat' dir='ltr'><strong>nimis</strong></span> <span class='ocrx_word' id='word_1_11' title='bbox 574 655 686 728; x_wconf 79' lang='lat' dir='ltr'><strong>alieni</strong></span> <span class='ocrx_word' id='word_1_12' title='bbox 701 653 749 726; x_wconf 87' lang='lat' dir='ltr'><strong>ab</strong></span> <span class='ocrx_word' id='word_1_13' title='bbox 763 677 807 726; x_wconf 87' lang='lat' dir='ltr'><strong>ca</strong></span> <span class='ocrx_word' id='word_1_14' title='bbox 820 651 1029 751; x_wconf 86' lang='lat' dir='ltr'><strong>suspicione</strong></span> <span class='ocrx_word' id='word_1_15' title='bbox 1044 649 1149 727; x_wconf 83' lang='lat' dir='ltr'><strong>suere</strong></span> <span class='ocrx_word' id='word_1_16' title='bbox 1161 651 1342 728; x_wconf 85' lang='lat' dir='ltr'><strong>editores.</strong></span> 
     </span>
     <span class='ocr_line' id='line_1_4' title="bbox 336 768 1344 866; baseline -0.006 -20"><span class='ocrx_word' id='word_1_17' title='bbox 336 774 475 846; x_wconf 86' lang='lat' dir='ltr'><strong>Erexit</strong></span> <span class='ocrx_word' id='word_1_18' title='bbox 496 773 668 847; x_wconf 87' lang='lat' dir='ltr'><strong>animum</strong></span> <span class='ocrx_word' id='word_1_19' title='bbox 689 768 935 854; x_wconf 87' lang='lat' dir='ltr'><strong>BrunckiiV.</strong></span> <span class='ocrx_word' id='word_1_20' title='bbox 948 769 992 847; x_wconf 86' lang='lat' dir='ltr'><strong>C.</strong></span> <span class='ocrx_word' id='word_1_21' title='bbox 1013 769 1237 854; x_wconf 67' lang='lat' dir='ltr'><strong>annositas,</strong></span> <span class='ocrx_word' id='word_1_22' title='bbox 1265 769 1344 866; x_wconf 88' lang='lat' dir='ltr'><strong>qui</strong></span> 
     </span>
    </p>
   </div>
   <div class='ocr_carea' id='block_1_3' title="bbox 206 869 1342 989">
    <p class='ocr_par' dir='ltr' id='par_1_3' title="bbox 206 869 1342 989">
     <span class='ocr_line' id='line_1_5' title="bbox 206 869 1342 989; baseline -0.004 -24"><span class='ocrx_word' id='word_1_23' title='bbox 206 869 219 906; x_wconf 64' lang='lat'><strong><em>⁹</em></strong></span> <span class='ocrx_word' id='word_1_24' title='bbox 336 889 563 989; x_wconf 81' lang='lat' dir='ltr'><strong>suspiciones</strong></span> <span class='ocrx_word' id='word_1_25' title='bbox 595 889 709 962; x_wconf 89' lang='lat' dir='ltr'><strong>huius</strong></span> <span class='ocrx_word' id='word_1_26' title='bbox 737 889 880 986; x_wconf 83' lang='lat' dir='ltr'><strong>generis</strong></span> <span class='ocrx_word' id='word_1_27' title='bbox 902 911 926 962; x_wconf 86' lang='lat' dir='ltr'><strong>a</strong></span> <span class='ocrx_word' id='word_1_28' title='bbox 949 911 1009 964; x_wconf 88' lang='lat' dir='ltr'><strong>me</strong></span> <span class='ocrx_word' id='word_1_29' title='bbox 1034 889 1342 966; x_wconf 82' lang='lat' dir='ltr'><strong>communicatas</strong></span> 
     </span>
    </p>
   </div>
   <div class='ocr_carea' id='block_1_4' title="bbox 335 1003 1342 2022">
    <p class='ocr_par' dir='ltr' id='par_1_4' title="bbox 335 1003 1342 2022">
     <span class='ocr_line' id='line_1_6' title="bbox 336 1003 1342 1108; baseline -0.003 -29"><span class='ocrx_word' id='word_1_30' title='bbox 336 1029 410 1108; x_wconf 90' lang='lat' dir='ltr'><strong>pro</strong></span> <span class='ocrx_word' id='word_1_31' title='bbox 430 1007 563 1082; x_wconf 91' lang='lat' dir='ltr'><strong>iudicii</strong></span> <span class='ocrx_word' id='word_1_32' title='bbox 583 1005 758 1080; x_wconf 84' lang='lat' dir='ltr'><strong>acumine</strong></span> <span class='ocrx_word' id='word_1_33' title='bbox 776 1004 987 1080; x_wconf 86' lang='lat' dir='ltr'><strong>admodum</strong></span> <span class='ocrx_word' id='word_1_34' title='bbox 1001 1005 1195 1105; x_wconf 85' lang='lat' dir='ltr'><strong>probauit.</strong></span> <span class='ocrx_word' id='word_1_35' title='bbox 1250 1003 1342 1077; x_wconf 88' lang='lat' dir='ltr'><strong>No-</strong></span> 
     </span>
     <span class='ocr_line' id='line_1_7' title="bbox 335 1120 1339 1222; baseline -0.007 -23"><span class='ocrx_word' id='word_1_36' title='bbox 335 1125 393 1199; x_wconf 91' lang='lat' dir='ltr'><strong>lui</strong></span> <span class='ocrx_word' id='word_1_37' title='bbox 421 1141 547 1200; x_wconf 87' lang='lat' dir='ltr'><strong>tamen</strong></span> <span class='ocrx_word' id='word_1_38' title='bbox 570 1125 831 1198; x_wconf 77' lang='lat' dir='ltr'><strong>ausloritatem</strong></span> <span class='ocrx_word' id='word_1_39' title='bbox 859 1123 963 1222; x_wconf 68' lang='lat' dir='ltr'><strong>liqui</strong></span> <span class='ocrx_word' id='word_1_40' title='bbox 993 1121 1033 1222; x_wconf 78' lang='lat' dir='ltr'><strong>in</strong></span> <span class='ocrx_word' id='word_1_41' title='bbox 1060 1120 1136 1198; x_wconf 90' lang='lat' dir='ltr'><strong>hoe</strong></span> <span class='ocrx_word' id='word_1_42' title='bbox 1164 1143 1339 1222; x_wconf 88' lang='lat' dir='ltr'><strong>quoque,</strong></span> 
     </span>
     <span class='ocr_line' id='line_1_8' title="bbox 337 1239 1341 1340; baseline -0.006 -24"><span class='ocrx_word' id='word_1_43' title='bbox 337 1257 400 1326; x_wconf 84' lang='lat' dir='ltr'><strong>vt,</strong></span> <span class='ocrx_word' id='word_1_44' title='bbox 436 1265 533 1340; x_wconf 88' lang='lat' dir='ltr'><strong>quac</strong></span> <span class='ocrx_word' id='word_1_45' title='bbox 564 1241 727 1340; x_wconf 72' lang='lat' dir='ltr'><strong>suspecta</strong></span> <span class='ocrx_word' id='word_1_46' title='bbox 760 1239 894 1326; x_wconf 83' lang='lat' dir='ltr'><strong>essent,</strong></span> <span class='ocrx_word' id='word_1_47' title='bbox 937 1239 1183 1316; x_wconf 64' lang='lat' dir='ltr'><strong>rescinderent</strong></span> <span class='ocrx_word' id='word_1_48' title='bbox 1214 1251 1253 1313; x_wconf 90' lang='lat' dir='ltr'><strong>et</strong></span> <span class='ocrx_word' id='word_1_49' title='bbox 1286 1257 1341 1314; x_wconf 82' lang='lat' dir='ltr'><strong>ex</strong></span> 
     </span>
     <span class='ocr_line' id='line_1_9' title="bbox 339 1355 1339 1460; baseline -0.006 -26"><span class='ocrx_word' id='word_1_50' title='bbox 339 1375 522 1434; x_wconf 83' lang='lat' dir='ltr'><strong>contextu</strong></span> <span class='ocrx_word' id='word_1_51' title='bbox 559 1379 816 1448; x_wconf 77' lang='lat' dir='ltr'><strong>excernerem3</strong></span> <span class='ocrx_word' id='word_1_52' title='bbox 857 1381 947 1432; x_wconf 83' lang='lat' dir='ltr'><strong>narn</strong></span> <span class='ocrx_word' id='word_1_53' title='bbox 969 1359 1138 1460; x_wconf 87' lang='lat' dir='ltr'><strong>primum</strong></span> <span class='ocrx_word' id='word_1_54' title='bbox 1166 1355 1208 1432; x_wconf 89' lang='lat' dir='ltr'><strong>id</strong></span> <span class='ocrx_word' id='word_1_55' title='bbox 1235 1355 1339 1430; x_wconf 75' lang='lat' dir='ltr'><strong>milri</strong></span> 
     </span>
     <span class='ocr_line' id='line_1_10' title="bbox 336 1473 1340 1576; baseline -0.007 -24"><span class='ocrx_word' id='word_1_56' title='bbox 336 1477 540 1552; x_wconf 84' lang='lat' dir='ltr'><strong>videbatur</strong></span> <span class='ocrx_word' id='word_1_57' title='bbox 561 1475 794 1576; x_wconf 87' lang='lat' dir='ltr'><strong>imperiosius</strong></span> <span class='ocrx_word' id='word_1_58' title='bbox 809 1473 1087 1575; x_wconf 73' lang='lat' dir='ltr'><strong>fadum&#39;quam</strong></span> <span class='ocrx_word' id='word_1_59' title='bbox 1101 1491 1230 1548; x_wconf 84' lang='lat' dir='ltr'><strong>meurn</strong></span> <span class='ocrx_word' id='word_1_60' title='bbox 1246 1474 1340 1572; x_wconf 84' lang='lat' dir='ltr'><strong>qui-</strong></span> 
     </span>
     <span class='ocr_line' id='line_1_11' title="bbox 337 1591 1340 1692; baseline -0.001 -23"><span class='ocrx_word' id='word_1_61' title='bbox 337 1595 426 1669; x_wconf 86' lang='lat' dir='ltr'><strong>dern&#39;</strong></span> <span class='ocrx_word' id='word_1_62' title='bbox 460 1596 655 1692; x_wconf 86' lang='lat' dir='ltr'><strong>ingenium</strong></span> <span class='ocrx_word' id='word_1_63' title='bbox 685 1591 815 1668; x_wconf 86' lang='lat' dir='ltr'><strong>serrct:</strong></span> <span class='ocrx_word' id='word_1_64' title='bbox 866 1609 950 1668; x_wconf 88' lang='lat' dir='ltr'><strong>tum</strong></span> <span class='ocrx_word' id='word_1_65' title='bbox 968 1593 1120 1669; x_wconf 86' lang='lat' dir='ltr'><strong>versum</strong></span> <span class='ocrx_word' id='word_1_66' title='bbox 1140 1613 1340 1690; x_wconf 86' lang='lat' dir='ltr'><strong>quaeren-</strong></span> 
     </span>
     <span class='ocr_line' id='line_1_12' title="bbox 338 1703 1340 1790; baseline 0 -4"><span class='ocrx_word' id='word_1_67' title='bbox 338 1712 440 1786; x_wconf 84' lang='lat' dir='ltr'><strong>tibus</strong></span> <span class='ocrx_word' id='word_1_68' title='bbox 471 1727 508 1788; x_wconf 91' lang='lat' dir='ltr'><strong>et</strong></span> <span class='ocrx_word' id='word_1_69' title='bbox 540 1713 683 1786; x_wconf 90' lang='lat' dir='ltr'><strong>librum</strong></span> <span class='ocrx_word' id='word_1_70' title='bbox 710 1711 981 1788; x_wconf 83' lang='lat' dir='ltr'><strong>euoluentsbus</strong></span> <span class='ocrx_word' id='word_1_71' title='bbox 998 1703 1111 1790; x_wconf 81' lang='lat' dir='ltr'><strong>valde</strong></span> <span class='ocrx_word' id='word_1_72' title='bbox 1131 1708 1340 1786; x_wconf 81' lang='lat' dir='ltr'><strong>molestum</strong></span> 
     </span>
     <span class='ocr_line' id='line_1_13' title="bbox 336 1823 1338 1937; baseline -0.003 -34"><span class='ocrx_word' id='word_1_73' title='bbox 336 1827 405 1910; x_wconf 80' lang='lat' dir='ltr'><strong>esi,</strong></span> <span class='ocrx_word' id='word_1_74' title='bbox 450 1829 476 1901; x_wconf 85' lang='lat' dir='ltr'><strong>sr</strong></span> <span class='ocrx_word' id='word_1_75' title='bbox 505 1830 685 1906; x_wconf 88' lang='lat' dir='ltr'><strong>versuum</strong></span> <span class='ocrx_word' id='word_1_76' title='bbox 711 1851 917 1937; x_wconf 84' lang='lat' dir='ltr'><strong>numerum</strong></span> <span class='ocrx_word' id='word_1_77' title='bbox 943 1827 1141 1906; x_wconf 80' lang='lat' dir='ltr'><strong>turbatum</strong></span> <span class='ocrx_word' id='word_1_78' title='bbox 1172 1823 1244 1903; x_wconf 85' lang='lat' dir='ltr'><strong>&#39;effe</strong></span> <span class='ocrx_word' id='word_1_79' title='bbox 1272 1825 1338 1900; x_wconf 84' lang='lat' dir='ltr'><strong>vi·</strong></span> 
     </span>
     <span class='ocr_line' id='line_1_14' title="bbox 339 1946 1107 2022; baseline -0.007 0"><span class='ocrx_word' id='word_1_80' title='bbox 339 1946 484 2022; x_wconf 77' lang='lat' dir='ltr'><strong>deant·</strong></span> <span class='ocrx_word' id='word_1_81' title='bbox 1101 1971 1107 1986; x_wconf 84' lang='lat'><strong>·</strong></span> 
     </span>
    </p>
   </div>
   <div class='ocr_carea' id='block_1_5' title="bbox 328 2178 1362 4256">
    <p class='ocr_par' dir='ltr' id='par_1_5' title="bbox 328 2178 1339 2396">
     <span class='ocr_line' id='line_1_15' title="bbox 328 2178 1339 2280; baseline -0.002 -24"><span class='ocrx_word' id='word_1_82' title='bbox 328 2237 333 2248; x_wconf 91' lang='lat'>.</span> <span class='ocrx_word' id='word_1_83' title='bbox 406 2179 600 2256; x_wconf 67' lang='lat' dir='ltr'><strong>Lectionis</strong></span> <span class='ocrx_word' id='word_1_84' title='bbox 613 2179 845 2266; x_wconf 79' lang='lat' dir='ltr'><strong>varietatem,</strong></span> <span class='ocrx_word' id='word_1_85' title='bbox 866 2178 1339 2280; x_wconf 79' lang='lat' dir='ltr'><strong>partimexBurrnannia·</strong></span> 
     </span>
     <span class='ocr_line' id='line_1_16' title="bbox 337 2294 1336 2396; baseline -0.002 -21"><span class='ocrx_word' id='word_1_86' title='bbox 337 2319 388 2375; x_wconf 85' lang='lat' dir='ltr'><strong>na</strong></span> <span class='ocrx_word' id='word_1_87' title='bbox 415 2295 599 2379; x_wconf 87' lang='lat' dir='ltr'><strong>bauslam,</strong></span> <span class='ocrx_word' id='word_1_88' title='bbox 624 2301 835 2396; x_wconf 83' lang='lat' dir='ltr'><strong>partim-ex</strong></span> <span class='ocrx_word' id='word_1_89' title='bbox 851 2294 1054 2382; x_wconf 67' lang='lat' dir='ltr'><strong>Pice-tanis,</strong></span> <span class='ocrx_word' id='word_1_90' title='bbox 1078 2297 1336 2381; x_wconf 78' lang='lat' dir='ltr'><strong>Martinianis,</strong></span> 
     </span>
    </p>

    <p class='ocr_par' dir='ltr' id='par_1_6' title="bbox 335 2413 1335 2512">
     <span class='ocr_line' id='line_1_17' title="bbox 335 2413 1335 2512; baseline 0 -22"><span class='ocrx_word' id='word_1_91' title='bbox 335 2416 495 2512; x_wconf 81' lang='lat' dir='ltr'><strong>aliisque</strong></span> <span class='ocrx_word' id='word_1_92' title='bbox 526 2413 722 2490; x_wconf 87' lang='lat' dir='ltr'><strong>codicibus</strong></span> <span class='ocrx_word' id='word_1_93' title='bbox 749 2429 790 2492; x_wconf 84' lang='lat' dir='ltr'><strong>et</strong></span> <span class='ocrx_word' id='word_1_94' title='bbox 814 2414 898 2492; x_wconf 88' lang='lat' dir='ltr'><strong>edd.</strong></span> <span class='ocrx_word' id='word_1_95' title='bbox 918 2415 1081 2506; x_wconf 85' lang='lat' dir='ltr'><strong>dimidio</strong></span> <span class='ocrx_word' id='word_1_96' title='bbox 1096 2417 1335 2499; x_wconf 68' lang='lat' dir='ltr'><strong>auctiorem,</strong></span> 
     </span>
    </p>

    <p class='ocr_par' dir='ltr' id='par_1_7' title="bbox 334 2530 1337 2750">
     <span class='ocr_line' id='line_1_18' title="bbox 334 2530 1337 2632; baseline -0.002 -24"><span class='ocrx_word' id='word_1_97' title='bbox 334 2530 416 2608; x_wconf 90' lang='lat' dir='ltr'><strong>non</strong></span> <span class='ocrx_word' id='word_1_98' title='bbox 432 2531 551 2610; x_wconf 91' lang='lat' dir='ltr'><strong>modo</strong></span> <span class='ocrx_word' id='word_1_99' title='bbox 565 2535 743 2608; x_wconf 72' lang='lat' dir='ltr'><strong>intactam</strong></span> <span class='ocrx_word' id='word_1_100' title='bbox 756 2534 902 2632; x_wconf 81' lang='lat' dir='ltr'><strong>reliqui,</strong></span> <span class='ocrx_word' id='word_1_101' title='bbox 928 2535 1191 2607; x_wconf 85' lang='lat' dir='ltr'><strong>verumetiam</strong></span> <span class='ocrx_word' id='word_1_102' title='bbox 1204 2552 1337 2615; x_wconf 82' lang='lat' dir='ltr'><strong>emen·</strong></span> 
     </span>
     <span class='ocr_line' id='line_1_19' title="bbox 335 2645 1335 2750; baseline -0.002 -24"><span class='ocrx_word' id='word_1_103' title='bbox 335 2651 523 2726; x_wconf 85' lang='lat' dir='ltr'><strong>dntiorem</strong></span> <span class='ocrx_word' id='word_1_104' title='bbox 537 2651 685 2726; x_wconf 84' lang='lat' dir='ltr'><strong>reddidi</strong></span> <span class='ocrx_word' id='word_1_105' title='bbox 698 2653 860 2726; x_wconf 89' lang='lat' dir='ltr'><strong>etrrouis</strong></span> <span class='ocrx_word' id='word_1_106' title='bbox 876 2645 1156 2736; x_wconf 69' lang='lat' dir='ltr'><strong>accessionibus,</strong></span> <span class='ocrx_word' id='word_1_107' title='bbox 1184 2647 1231 2725; x_wconf 88' lang='lat' dir='ltr'><strong>de</strong></span> <span class='ocrx_word' id='word_1_108' title='bbox 1244 2650 1335 2750; x_wconf 90' lang='lat' dir='ltr'><strong>qui-</strong></span> 
     </span>
    </p>

    <p class='ocr_par' dir='ltr' id='par_1_8' title="bbox 334 2767 1334 2869">
     <span class='ocr_line' id='line_1_20' title="bbox 334 2767 1334 2869; baseline -0.001 -26"><span class='ocrx_word' id='word_1_109' title='bbox 334 2767 407 2844; x_wconf 89' lang='lat' dir='ltr'><strong>bus</strong></span> <span class='ocrx_word' id='word_1_110' title='bbox 423 2768 506 2868; x_wconf 81' lang='lat' dir='ltr'><strong>poss</strong></span> <span class='ocrx_word' id='word_1_111' title='bbox 521 2769 656 2852; x_wconf 75' lang='lat' dir='ltr'><strong>dicun,</strong></span> <span class='ocrx_word' id='word_1_112' title='bbox 673 2770 934 2869; x_wconf 74' lang='lat' dir='ltr'><strong>locupletant:</strong></span> <span class='ocrx_word' id='word_1_113' title='bbox 963 2791 1055 2844; x_wconf 86' lang='lat' dir='ltr'><strong>curn</strong></span> <span class='ocrx_word' id='word_1_114' title='bbox 1069 2769 1180 2844; x_wconf 83' lang='lat' dir='ltr'><strong>fornel</strong></span> <span class='ocrx_word' id='word_1_115' title='bbox 1193 2767 1234 2843; x_wconf 86' lang='lat' dir='ltr'><strong>id</strong></span> <span class='ocrx_word' id='word_1_116' title='bbox 1244 2789 1334 2866; x_wconf 81' lang='lat' dir='ltr'><strong>age·</strong></span> 
     </span>
    </p>

    <p class='ocr_par' dir='ltr' id='par_1_9' title="bbox 334 2883 1332 2986">
     <span class='ocr_line' id='line_1_21' title="bbox 334 2883 1332 2986; baseline -0.002 -24"><span class='ocrx_word' id='word_1_117' title='bbox 334 2903 376 2962; x_wconf 84' lang='lat' dir='ltr'><strong>re</strong></span> <span class='ocrx_word' id='word_1_118' title='bbox 397 2884 648 2969; x_wconf 78' lang='lat' dir='ltr'><strong>instituissem,</strong></span> <span class='ocrx_word' id='word_1_119' title='bbox 676 2900 738 2972; x_wconf 86' lang='lat' dir='ltr'><strong>vt,</strong></span> <span class='ocrx_word' id='word_1_120' title='bbox 761 2901 956 2986; x_wconf 88' lang='lat' dir='ltr'><strong>quotquot</strong></span> <span class='ocrx_word' id='word_1_121' title='bbox 973 2883 1131 2986; x_wconf 84' lang='lat' dir='ltr'><strong>quidem</strong></span> <span class='ocrx_word' id='word_1_122' title='bbox 1151 2885 1332 2962; x_wconf 77' lang='lat' dir='ltr'><strong>lectiones</strong></span> 
     </span>
    </p>

    <p class='ocr_par' dir='ltr' id='par_1_10' title="bbox 334 3000 1334 3106">
     <span class='ocr_line' id='line_1_22' title="bbox 334 3000 1334 3106; baseline 0.004 -28"><span class='ocrx_word' id='word_1_123' title='bbox 334 3005 531 3078; x_wconf 82' lang='lat' dir='ltr'><strong>variantes</strong></span> <span class='ocrx_word' id='word_1_124' title='bbox 552 3003 692 3079; x_wconf 65' lang='lat' dir='ltr'><strong>dmum</strong></span> <span class='ocrx_word' id='word_1_125' title='bbox 707 3019 877 3106; x_wconf 86' lang='lat' dir='ltr'><strong>repertae</strong></span> <span class='ocrx_word' id='word_1_126' title='bbox 895 3000 1028 3090; x_wconf 80' lang='lat' dir='ltr'><strong>effene,</strong></span> <span class='ocrx_word' id='word_1_127' title='bbox 1052 3003 1187 3079; x_wconf 72' lang='lat' dir='ltr'><strong>in&#39;lroc</strong></span> <span class='ocrx_word' id='word_1_128' title='bbox 1201 3001 1334 3088; x_wconf 80' lang='lat' dir='ltr'><strong>saltem</strong></span> 
     </span>
    </p>

    <p class='ocr_par' dir='ltr' id='par_1_11' title="bbox 331 3121 1362 3340">
     <span class='ocr_line' id='line_1_23' title="bbox 331 3121 1362 3222; baseline 0.002 -28"><span class='ocrx_word' id='word_1_129' title='bbox 331 3132 450 3222; x_wconf 85' lang='lat' dir='ltr'><strong>poeta</strong></span> <span class='ocrx_word' id='word_1_130' title='bbox 471 3123 511 3194; x_wconf 88' lang='lat' dir='ltr'><strong>in</strong></span> <span class='ocrx_word' id='word_1_131' title='bbox 531 3144 649 3195; x_wconf 87' lang='lat' dir='ltr'><strong>vnam</strong></span> <span class='ocrx_word' id='word_1_132' title='bbox 671 3122 878 3198; x_wconf 82' lang='lat' dir='ltr'><strong>editionem</strong></span> <span class='ocrx_word' id='word_1_133' title='bbox 900 3121 1022 3198; x_wconf 80' lang='lat' dir='ltr'><strong>effect·</strong></span> <span class='ocrx_word' id='word_1_134' title='bbox 1037 3121 1253 3222; x_wconf 71' lang='lat' dir='ltr'><strong>congessere</strong></span> <span class='ocrx_word' id='word_1_135' title='bbox 1285 3137 1334 3196; x_wconf 84' lang='lat' dir='ltr'><strong>vt</strong></span> <span class='ocrx_word' id='word_1_136' title='bbox 1361 3129 1362 3140; x_wconf 71' lang='lat'><em>&#39;</em></span> 
     </span>
     <span class='ocr_line' id='line_1_24' title="bbox 335 3235 1330 3340; baseline -0.001 -28"><span class='ocrx_word' id='word_1_137' title='bbox 335 3239 411 3314; x_wconf 85' lang='lat' dir='ltr'><strong>hoc</strong></span> <span class='ocrx_word' id='word_1_138' title='bbox 445 3239 621 3336; x_wconf 85' lang='lat' dir='ltr'><strong>exemplo</strong></span> <span class='ocrx_word' id='word_1_139' title='bbox 651 3240 852 3340; x_wconf 82' lang='lat' dir='ltr'><strong>propofito</strong></span> <span class='ocrx_word' id='word_1_140' title='bbox 888 3239 1138 3316; x_wconf 83' lang='lat' dir='ltr'><strong>adolescentes</strong></span> <span class='ocrx_word' id='word_1_141' title='bbox 1176 3235 1330 3313; x_wconf 85' lang='lat' dir='ltr'><strong>sludioll</strong></span> 
     </span>
    </p>

    <p class='ocr_par' dir='ltr' id='par_1_12' title="bbox 335 3354 1333 3434">
     <span class='ocr_line' id='line_1_25' title="bbox 335 3354 1333 3434; baseline -0.001 -4"><span class='ocrx_word' id='word_1_142' title='bbox 335 3357 502 3430; x_wconf 89' lang='lat' dir='ltr'><strong>omnino</strong></span> <span class='ocrx_word' id='word_1_143' title='bbox 516 3358 697 3430; x_wconf 85' lang='lat' dir='ltr'><strong>variantis</strong></span> <span class='ocrx_word' id='word_1_144' title='bbox 716 3359 757 3431; x_wconf 89' lang='lat' dir='ltr'><strong>in</strong></span> <span class='ocrx_word' id='word_1_145' title='bbox 779 3357 890 3434; x_wconf 86' lang='lat' dir='ltr'><strong>codd</strong></span> <span class='ocrx_word' id='word_1_146' title='bbox 905 3375 942 3432; x_wconf 90' lang='lat' dir='ltr'><strong>et</strong></span> <span class='ocrx_word' id='word_1_147' title='bbox 956 3357 1041 3434; x_wconf 78' lang='lat' dir='ltr'><strong>edd</strong></span> <span class='ocrx_word' id='word_1_148' title='bbox 1059 3354 1228 3432; x_wconf 69' lang='lat' dir='ltr'><strong>teotonis</strong></span> <span class='ocrx_word' id='word_1_149' title='bbox 1244 3377 1333 3433; x_wconf 81' lang='lat' dir='ltr'><strong>rno-</strong></span> 
     </span>
    </p>

    <p class='ocr_par' dir='ltr' id='par_1_13' title="bbox 334 3457 1331 3574">
     <span class='ocr_line' id='line_1_26' title="bbox 334 3457 1331 3574; baseline 0.001 -28"><span class='ocrx_word' id='word_1_150' title='bbox 334 3489 414 3546; x_wconf 85' lang='lat' dir='ltr'><strong>rem</strong></span> <span class='ocrx_word' id='word_1_151' title='bbox 432 3489 469 3548; x_wconf 93' lang='lat' dir='ltr'><strong>et</strong></span> <span class='ocrx_word' id='word_1_152' title='bbox 482 3461 594 3547; x_wconf 73' lang='lat' dir='ltr'><strong>usum</strong></span> <span class='ocrx_word' id='word_1_153' title='bbox 608 3473 859 3562; x_wconf 83' lang='lat' dir='ltr'><strong>addiscerent,</strong></span> <span class='ocrx_word' id='word_1_154' title='bbox 881 3457 1145 3574; x_wconf 82' lang='lat' dir='ltr'><strong>sollennesque</strong></span> <span class='ocrx_word' id='word_1_155' title='bbox 1154 3471 1276 3574; x_wconf 81' lang='lat' dir='ltr'><strong>lapsus</strong></span> <span class='ocrx_word' id='word_1_156' title='bbox 1294 3487 1331 3548; x_wconf 91' lang='lat' dir='ltr'><strong>et</strong></span> 
     </span>
    </p>

    <p class='ocr_par' dir='ltr' id='par_1_14' title="bbox 334 3589 1330 3684">
     <span class='ocr_line' id='line_1_27' title="bbox 334 3589 1330 3684; baseline 0 -20"><span class='ocrx_word' id='word_1_157' title='bbox 334 3589 621 3666; x_wconf 75' lang='lat' dir='ltr'><strong>alkrcinntiones</strong></span> <span class='ocrx_word' id='word_1_158' title='bbox 640 3593 885 3670; x_wconf 82' lang='lat' dir='ltr'><strong>librariorum</strong></span> <span class='ocrx_word' id='word_1_159' title='bbox 898 3593 967 3670; x_wconf 87' lang='lat' dir='ltr'><strong>fibi</strong></span> <span class='ocrx_word' id='word_1_160' title='bbox 982 3591 1181 3684; x_wconf 72' lang='lat' dir='ltr'><strong>familiares</strong></span> <span class='ocrx_word' id='word_1_161' title='bbox 1196 3590 1330 3666; x_wconf 86' lang='lat' dir='ltr'><strong>redde·</strong></span> 
     </span>
    </p>

    <p class='ocr_par' dir='ltr' id='par_1_15' title="bbox 333 3707 1361 3808">
     <span class='ocr_line' id='line_1_28' title="bbox 333 3707 1361 3808; baseline 0 -26"><span class='ocrx_word' id='word_1_162' title='bbox 333 3724 429 3784; x_wconf 87' lang='lat' dir='ltr'><strong>rent.</strong></span> <span class='ocrx_word' id='word_1_163' title='bbox 506 3708 652 3786; x_wconf 76' lang='lat' dir='ltr'><strong>Curam</strong></span> <span class='ocrx_word' id='word_1_164' title='bbox 674 3727 800 3792; x_wconf 88' lang='lat' dir='ltr'><strong>tamen</strong></span> <span class='ocrx_word' id='word_1_165' title='bbox 821 3710 929 3786; x_wconf 88' lang='lat' dir='ltr'><strong>simul</strong></span> <span class='ocrx_word' id='word_1_166' title='bbox 950 3712 1047 3796; x_wconf 81' lang='lat' dir='ltr'><strong>hoc,</strong></span> <span class='ocrx_word' id='word_1_167' title='bbox 1085 3709 1226 3798; x_wconf 60' lang='lat' dir='ltr'><strong>venue</strong></span> <span class='ocrx_word' id='word_1_168' title='bbox 1246 3707 1329 3808; x_wconf 88' lang='lat' dir='ltr'><strong>ipso</strong></span> <span class='ocrx_word' id='word_1_169' title='bbox 1360 3761 1361 3770; x_wconf 34' lang='grc' dir='ltr'><strong>ι</strong></span> 
     </span>
    </p>

    <p class='ocr_par' dir='ltr' id='par_1_16' title="bbox 332 3826 1361 3930">
     <span class='ocr_line' id='line_1_29' title="bbox 332 3826 1361 3930; baseline 0 -31"><span class='ocrx_word' id='word_1_170' title='bbox 332 3826 508 3924; x_wconf 84' lang='lat' dir='ltr'><strong>exemplo</strong></span> <span class='ocrx_word' id='word_1_171' title='bbox 531 3829 730 3930; x_wconf 75' lang='lat' dir='ltr'><strong>proposito</strong></span> <span class='ocrx_word' id='word_1_172' title='bbox 751 3832 914 3906; x_wconf 85' lang='lat' dir='ltr'><strong>omnino</strong></span> <span class='ocrx_word' id='word_1_173' title='bbox 935 3827 982 3904; x_wconf 90' lang='lat' dir='ltr'><strong>de</strong></span> <span class='ocrx_word' id='word_1_174' title='bbox 995 3843 1080 3904; x_wconf 89' lang='lat' dir='ltr'><strong>toto</strong></span> <span class='ocrx_word' id='word_1_175' title='bbox 1098 3828 1174 3905; x_wconf 89' lang='lat' dir='ltr'><strong>hoc</strong></span> <span class='ocrx_word' id='word_1_176' title='bbox 1194 3847 1329 3926; x_wconf 84' lang='lat' dir='ltr'><strong>genere</strong></span> <span class='ocrx_word' id='word_1_177' title='bbox 1360 3829 1361 3880; x_wconf 75' lang='lat' dir='ltr'><strong>l</strong></span> 
     </span>
    </p>

    <p class='ocr_par' dir='ltr' id='par_1_17' title="bbox 333 3941 1330 4044">
     <span class='ocr_line' id='line_1_30' title="bbox 333 3941 1330 4044; baseline 0.002 -28"><span class='ocrx_word' id='word_1_178' title='bbox 333 3947 430 4016; x_wconf 75' lang='lat' dir='ltr'><strong>rene</strong></span> <span class='ocrx_word' id='word_1_179' title='bbox 449 3944 606 4020; x_wconf 85' lang='lat' dir='ltr'><strong>slatucre</strong></span> <span class='ocrx_word' id='word_1_180' title='bbox 626 3941 880 4024; x_wconf 72' lang='lat' dir='ltr'><strong>assuescerent.</strong></span> <span class='ocrx_word' id='word_1_181' title='bbox 937 3949 1040 4022; x_wconf 86' lang='lat' dir='ltr'><strong>Bene</strong></span> <span class='ocrx_word' id='word_1_182' title='bbox 1060 3947 1163 4020; x_wconf 85' lang='lat' dir='ltr'><strong>enlm</strong></span> <span class='ocrx_word' id='word_1_183' title='bbox 1183 3965 1236 4020; x_wconf 78' lang='lat' dir='ltr'><strong>erc</strong></span> <span class='ocrx_word' id='word_1_184' title='bbox 1252 3945 1330 4044; x_wconf 85' lang='lat' dir='ltr'><strong>pri·</strong></span> 
     </span>
    </p>

    <p class='ocr_par' dir='ltr' id='par_1_18' title="bbox 331 4063 1330 4166">
     <span class='ocr_line' id='line_1_31' title="bbox 331 4063 1330 4166; baseline -0.002 -30"><span class='ocrx_word' id='word_1_185' title='bbox 331 4083 397 4136; x_wconf 84' lang='lat' dir='ltr'><strong>tna</strong></span> <span class='ocrx_word' id='word_1_186' title='bbox 418 4073 535 4137; x_wconf 73' lang='lat' dir='ltr'><strong>aetate</strong></span> <span class='ocrx_word' id='word_1_187' title='bbox 560 4067 760 4148; x_wconf 85' lang='lat' dir='ltr'><strong>recordor,</strong></span> <span class='ocrx_word' id='word_1_188' title='bbox 787 4087 904 4164; x_wconf 82' lang='lat' dir='ltr'><strong>quarn</strong></span> <span class='ocrx_word' id='word_1_189' title='bbox 925 4087 1060 4166; x_wconf 78' lang='lat' dir='ltr'><strong>parum</strong></span> <span class='ocrx_word' id='word_1_190' title='bbox 1075 4063 1330 4164; x_wconf 56' lang='lat' dir='ltr'><strong>explicitaset</strong></span> 
     </span>
    </p>

    <p class='ocr_par' dir='ltr' id='par_1_19' title="bbox 887 4169 1326 4256">
     <span class='ocr_line' id='line_1_32' title="bbox 887 4169 1326 4256; baseline -0.005 -2"><span class='ocrx_word' id='word_1_191' title='bbox 887 4169 893 4184; x_wconf 59' lang='grc'><strong>“</strong></span> <span class='ocrx_word' id='word_1_192' title='bbox 1083 4173 1088 4184; x_wconf 79' lang='grc'>’</span> <span class='ocrx_word' id='word_1_193' title='bbox 1217 4179 1326 4256; x_wconf 84' lang='lat' dir='ltr'><strong>iulias</strong></span> 
     </span>
    </p>
   </div>
   <div class='ocr_carea' id='block_1_6' title="bbox 0 0 1374 4928">
    <p class='ocr_par' dir='ltr' id='par_1_20' title="bbox 0 0 1374 4928">
     <span class='ocr_line' id='line_1_33' title="bbox 0 0 1374 4928; baseline 0 3"><span class='ocrx_word' id='word_1_194' title='bbox 0 0 1374 4928; x_wconf 95' lang='lat' dir='ltr'><strong> </strong></span> 
     </span>
    </p>
   </div>
  </div>
 </body>
</html>
